@article{abdounurPreliminarySurveyEmergence2009,
  title = {A Preliminary Survey on the Emergence of an Arithmetical Theory of Ratios},
  author = {Abdounur, Oscar João},
  date = {2009},
  journaltitle = {Circumscribere},
  volume = {9},
  pages = {1--8},
  url = {https://repositorio.usp.br/item/003065271},
  urldate = {2025-06-02},
  keywords = {⛔ No DOI found},
  file = {/home/achalmaedison/Zotero/storage/LN6J6ACW/Abdounur - 2009 - A preliminary survey on the emergence of an arithmetical theory of ratios.pdf}
}

@article{aricanInvestigatingPreserviceMathematics2022,
  title = {Investigating {{Preservice Mathematics Teachers}}’ {{Definitions}}, {{Formulas}}, and {{Graphs}} of {{Directly}} and {{Inversely Proportional Relationships}}},
  author = {Arican, Muhammet and Kiymaz, Yasemin},
  date = {2022-06-01},
  journaltitle = {The Mathematics Enthusiast},
  volume = {19},
  number = {2},
  pages = {632--656},
  issn = {1551-3440},
  doi = {10.54870/1551-3440.1566},
  url = {https://scholarworks.umt.edu/tme/vol19/iss2/13},
  file = {/home/achalmaedison/Zotero/storage/43DZAA53/Arican and Kiymaz - 2022 - Investigating Preservice Mathematics Teachers’ Definitions, Formulas, and Graphs of Directly and Inv.pdf}
}

@incollection{ben-chaimMathematicalPerspectiveRatio2012,
  title = {A {{Mathematical Perspective}} of {{Ratio}} and {{Proportion}}},
  booktitle = {Ratio and {{Proportion}}: {{Research}} and {{Teaching}} in {{Mathematics Teachers}}’ {{Education}} ({{Pre-}} and {{In-Service Mathematics Teachers}} of {{Elementary}} and {{Middle School Classes}})},
  author = {Ben-Chaim, David and Keret, Yaffa and Ilany, Bat-Sheva},
  editor = {Ben-Chaim, David and Keret, Yaffa and Ilany, Bat-Sheva},
  date = {2012},
  pages = {23--47},
  publisher = {SensePublishers},
  location = {Rotterdam},
  doi = {10.1007/978-94-6091-784-4_4},
  url = {https://doi.org/10.1007/978-94-6091-784-4_4},
  urldate = {2025-05-20},
  abstract = {In mathematics, the concept of ratio is fundamental to many topics. Children encounter the concept in the earliest years of elementary school, even if they are not introduced to the actual word. They first learn the specific word “ratio,” in Grade 6. In fact, many sections of the elementary and middle school curriculum refer to, directly or indirectly, the concept of ratio. Price per item, fractions, percentages, probability, problems in motion, measurement, enlargement and reduction of shapes and figures, and π as a ratio between the circumference of a circle and its diameter, are just a few examples of ratios in the mathematics curriculum of elementary and middle school.},
  isbn = {978-94-6091-784-4},
  language = {en}
}

@article{kimSilvioBellisRatio2023,
  title = {Silvio {{Belli}}’s {{On Ratio}} and {{Proportion}} | {{Nexus Network Journal}}},
  author = {Kim, Williams},
  date = {2023},
  journaltitle = {Nexus Network Journal},
  volume = {25},
  pages = {5--39},
  doi = {10.1007/s00004-022-00638-4},
  url = {https://link.springer.com/article/10.1007/s00004-022-00638-4},
  urldate = {2025-06-02},
  annotation = {abstractTranslation: This is the English translation of the treatise on ratio and proportion published by the Vicentine engineer Silvio Belli in 1573. In it the author aims to present the material, which was the object of much study and application in the Renaissance on the part of architects and artists, in a way that facilitates learning. The work consists of three “books” dealing with definitions, classifications, comparisons of magnitudes (First Book), of ratios (Second Book) and of proportions (Third Book). The explanations are accompanied by numerical examples.}
}

@article{ollermarcenGenesisHistoricaConceptos2013,
  title = {La génesis histórica de los conceptos de razón y proporción y su posterior aritmetización},
  author = {Oller Marcén, Antonio M. and Gairín Sallán, José María},
  date = {2013-11},
  journaltitle = {Revista latinoamericana de investigación en matemática educativa},
  volume = {16},
  number = {3},
  pages = {317--338},
  publisher = {Comité Latinoamericano de Matemática Educativa A.C.},
  issn = {1665-2436},
  doi = {10.12802/relime.13.1632},
  url = {http://www.scielo.org.mx/scielo.php?script=sci_abstract&pid=S1665-24362013000300003&lng=es&nrm=iso&tlng=es},
  urldate = {2025-05-20},
  language = {es},
  file = {/home/achalmaedison/Zotero/storage/GTZI9UNW/Oller Marcén y Gairín Sallán - 2013 - La génesis histórica de los conceptos de razón y proporción y su posterior aritmetización.pdf}
}

@thesis{ollermarcenProporcionalidadAritmeticaPropuesta2012,
  title = {Proporcionalidad Aritmética: {{Una}} Propuesta Didáctica Para Alumnos de Secundaria},
  shorttitle = {Proporcionalidad Aritmética},
  author = {Oller Marcén, Antonio Miguel},
  date = {2012},
  institution = {Universidad de Valladolid},
  doi = {10.35376/10324/1118},
  url = {http://uvadoc.uva.es/handle/10324/1118},
  urldate = {2025-05-20},
  file = {/home/achalmaedison/Zotero/storage/MVYHHXIY/Oller Marcén - 2012 - Proporcionalidad aritmética Una propuesta didáctica para alumnos de secundaria.pdf}
}

@article{parkHistoricalDevelopmentsProcess2008,
  title = {The Historical Developments Process of the Representations and Meanings for Ratio and Proportion},
  author = {Park, Jung-Sook},
  date = {2008},
  journaltitle = {Journal for History of Mathematics},
  volume = {21},
  number = {3},
  pages = {53--66},
  publisher = {The Korean Society for History of Mathematics},
  url = {https://koreascience.kr/article/JAKO200800557082829.page},
  urldate = {2025-06-02},
  keywords = {⛔ No DOI found}
}

@article{thorupPreeuclideanTheoryProportions1992,
  title = {A Pre-Euclidean Theory of Proportions},
  author = {Thorup, Anders},
  date = {1992-03-01},
  journaltitle = {Archive for History of Exact Sciences},
  shortjournal = {Arch. Hist. Exact Sci.},
  volume = {45},
  number = {1},
  pages = {1--16},
  issn = {1432-0657},
  doi = {10.1007/BF00375885},
  url = {https://2024.sci-hub.se/590/de0db88acf4e264c7f623f1c0e025811/thorup1992.pdf?download=true#page=1.00&gsr=0},
  urldate = {2025-06-02},
  language = {en}
}
