@article{frenkNuevaSaludPublica1992,
  title = {La Nueva Salud Pública},
  author = {Frenk, Julio},
  date = {1992},
  journaltitle = {VV. AA: La crisis de la salud pública: reflexiones para el debate. Washington: OPS},
  pages = {75--94},
  url = {https://www.academia.edu/download/36664087/1.2.b_La_Nueva_Salud_Publica_J._Frenk_pp_1-13.pdf},
  urldate = {2025-01-19}
}

@misc{higashidaEducacionParaSalud1995,
  title = {Educación Para La Salud. {{Edit}}},
  author = {Higashida, Bertha},
  date = {1995},
  organization = {Interamericana Mc. Graw-Hill, México}
}

@article{romeroAbortoCifras2020,
  title = {El Aborto En Cifras},
  author = {Romero, Mariana and Moisés, Silvina},
  date = {2020},
  publisher = {ELA; REDAAS; CEDES},
  url = {http://repositorio.cedes.org/handle/123456789/4581},
  urldate = {2025-01-19}
}
