@misc{higashidaEducacionParaSalud1995,
  title = {Educación Para La Salud. {{Edit}}},
  author = {Higashida, Bertha},
  date = {1995},
  organization = {Interamericana Mc. Graw-Hill, México}
}

@article{romeroAbortoCifras2020,
  title = {El Aborto En Cifras},
  author = {Romero, Mariana and Moisés, Silvina},
  date = {2020},
  publisher = {ELA; REDAAS; CEDES},
  url = {http://repositorio.cedes.org/handle/123456789/4581},
  urldate = {2025-01-19}
}
