
@article{akanbi_impact_2020,
	title = {The Impact of Tax Collection and Incentives on Economic Growth: Evidence from Nigeria},
	volume = {9},
	issn = {2328-7543},
	url = {http://www.sciencepublishinggroup.com/journal/paperinfo?journalid=178&doi=10.11648/j.ijber.20200904.12},
	doi = {10.11648/j.ijber.20200904.12},
	shorttitle = {The Impact of Tax Collection and Incentives on Economic Growth},
	abstract = {The debate on the effectiveness of taxation as an instrument for promoting economic growth remains inconclusive, as several studies have indicated mixed effect of taxation on economic growth. Against this background this study investigated the impact of tax collection and incentives on economic growth in Nigeria. Yearly data for the period 2010 –2018 was collected from the Central Bank of Nigeria and Federal Inland Revenue Service. A multiple regression model was used, tax revenue was proxied by actual total tax collected, tax incentives was proxied by foreign direct investment equity and foreign direct investment other capital as independent variables. While economic growth was proxied by real gross domestic product ({GDP}) as the dependent variable. The data was tested for heteroscedasticity, multicollinearity and serial correlation to examine the robustness of the model. The findings revealed that there is a negative but insignificant relationship between tax revenue and economic growth. The findings also revealed that there is negative but insignificant relationship between and foreign direct investment equity and economic growth. While empirical results confirm that there is a negative and significant relationship between foreign direct investment other capital and economic growth. Given these findings, the study recommends the government to improve on the mechanisms for the collection of taxes to stimulate economic growth. Also, government should grant more incentives to sectors that drive growth, monitor such incentives gather relevant data of the actual amount of incentives relative to the economic growth in other evaluate the efficiency of tax incentives.},
	pages = {170},
	number = {4},
	journaltitle = {International Journal of Business and Economics Research},
	shortjournal = {{IJBER}},
	author = {Akanbi, Abiodun},
	urldate = {2023-06-04},
	date = {2020},
	langid = {english},
	file = {Akanbi - 2020 - The Impact of Tax Collection and Incentives on Eco.pdf:/home/achalmaedison/Zotero/storage/YVSITRYF/Akanbi - 2020 - The Impact of Tax Collection and Incentives on Eco.pdf:application/pdf},
}

@article{navarro_tributacion_2014,
	title = {{TRIBUTACIÓN} {EN} {COLOMBIA}: {LA} {TASA} Ó{PTIMA} {QUE} {MAXIMIZA} {EL} {RECAUDO} {TRIBUTARIO}},
	volume = {3},
	rights = {Derechos de autor 2017 Revista Estrategia Organizacional},
	issn = {2339-3866},
	url = {https://hemeroteca.unad.edu.co/index.php/revista-estrategica-organizacio/article/view/1506},
	doi = {10.22490/25392786.1506},
	shorttitle = {{TRIBUTACIÓN} {EN} {COLOMBIA}},
	abstract = {El presente trabajo es la experiencia en las actividades de creación, gestión, dirección y seguimiento
a los estudiantes inscritos en el semillero en la línea de investigación denominada «Contabilidad y Finanzas Públicas».

Se utilizó la metodología econométrica de regresión lineal múltiple para verificar el cumplimiento
de la tesis de Laffer en Colombia, la primera variable independiente corresponde a la tasa impositiva (o su logaritmo), definida como la relación entre los ingresos tributarios corrientes y el {PIB} corriente, para el año correspondiente; la segunda variable independiente es la tasa
impositiva al cuadrado (o el cuadrado del logaritmo de la tasa impositiva); la última variable independiente es el Índice de Producción Industrial ({IPI}), a través del cual se pretenden recoger los
efectos causados en el recaudo tributario debido al ciclo económico. La variable dependiente
es el recaudo tributario por persona medido en pesos del año 2000.

Ante la problemática de crisis económica que puede terminar con una reducción del {PBI} en Colombia y una reducción en la recaudación del impuesto para los años venideros, los gobiernos vienen ideando diferentes mecanismos para incrementar los ingresos tributarios. Este trabajo propone dar respuesta a la siguiente pregunta ¿Qué tasa de tributo se requiere para financiar el presupuesto de gastos del gobierno central? 

Como conclusión un estado moderno requiere una dosis de impuestos directos y otra de tributación indirecta haciendo un justo balance entre las dos fuentes de tributación procurando administrar mejor los tributos directos, aplicando una base suficiente para no tener que depender de la tributación indirecta que aunque es más fácil de administrar y recaudar, tiene menor capacidad distributiva del ingreso que la tributación directa.},
	pages = {133--142},
	journaltitle = {Revista Estrategia Organizacional},
	author = {Navarro, Héctor David Bejarano},
	urldate = {2023-06-04},
	date = {2014-12-15},
	langid = {spanish},
	keywords = {crecimiento económico..},
	file = {Full Text PDF:/home/achalmaedison/Zotero/storage/23XNFIFL/Navarro - 2014 - TRIBUTACIÓN EN COLOMBIA LA TASA ÓPTIMA QUE MAXIMI.pdf:application/pdf},
}

@article{beltran-ayala_impuestos_2020,
	title = {{LOS} {IMPUESTOS} {DIRECTOS} E {INDIRECTOS} Y {SU} {INCIDENCIA} {EN} {EL} {CRECIMIENTO} {ECONÓMICO} {EN} {EL} {ECUADOR}},
	volume = {4},
	rights = {Derechos de autor 2021 Identidad Bolivariana},
	issn = {2550-6749},
	url = {https://identidadbolivariana.itb.edu.ec/index.php/identidadbolivariana/article/view/153},
	doi = {10.37611/IB4ol2103-128},
	abstract = {Economic growth is the basis for the development of nations and represents the ability of a country to produce goods and services with given resources. This indicator is evaluated from the variation of the Gross Domestic Product. The various theories of economic growth coincide in the importance of the expectations and actions of the different economic agents to promote sustained economic development. In this, fiscal policy in general and the tax system in particular play a preponderant role. The Constitution of the Republic of Ecuador promotes the progressiveness of the tax system, however, the tax policy responds to the financing needs of public spending which, in turn, is related to the political ideology of the government of the day. The present work aimed to determine the influence of tax collection on economic growth. For this, a multiple regression econometric model with a dummy variable was proposed to collect the effects of structural changes in the series in order to avoid specification errors. The results obtained show that indirect taxes are directly related to economic growth, however, the correlation between direct taxes and economic growth is not significant for the model. These results allow to broaden the field of study of taxes, their implications on economic performance and mark the need to have a tax structure aligned with effective public policies.},
	pages = {103--128},
	number = {2},
	journaltitle = {Identidad Bolivariana},
	author = {Beltrán-Ayala, Pablo and Gómez-Dunkley, Jean Claudio and Pico-Aguilar, Ana Lucía},
	urldate = {2023-06-04},
	date = {2020-11-15},
	langid = {spanish},
	note = {Number: 2},
	keywords = {Crecimiento económico, estructura tributaria, impuestos, política fiscal},
	file = {Versión enviada:/home/achalmaedison/Zotero/storage/4RQU925Y/Beltrán-Ayala et al. - 2020 - LOS IMPUESTOS DIRECTOS E INDIRECTOS Y SU INCIDENCI.pdf:application/pdf},
}

@article{nina_politicas_2017,
	title = {Las políticas tributarias en el crecimiento económico de Ecuador, 2000-2015},
	volume = {2},
	rights = {Derechos de autor 2017 Victor Dante Ayaviri Nina, Eduardo Pizha Bermeo, Patricio Sanchez Cuesta},
	issn = {2477-9024},
	url = {http://201.159.222.115/index.php/innova/article/view/245},
	doi = {10.33890/innova.v2.n8.2017.245},
	pages = {10--29},
	number = {8},
	journaltitle = {{INNOVA} Research Journal},
	author = {Nina, Victor Dante Ayaviri and Bermeo, Eduardo Pizha and Cuesta, Patricio Sanchez},
	urldate = {2023-06-04},
	date = {2017-08-04},
	langid = {spanish},
	note = {Number: 8},
	keywords = {crecimiento económico},
	file = {Full Text PDF:/home/achalmaedison/Zotero/storage/3BJ2A32G/Nina et al. - 2017 - Las políticas tributarias en el crecimiento económ.pdf:application/pdf},
}

@article{cacay_cacay_efecto_2021,
	title = {Efecto del Crecimiento Económico y la Presión Fiscal sobre el Impuesto al Valor Agregado},
	volume = {1},
	issn = {2528-7907},
	url = {http://scielo.senescyt.gob.ec/scielo.php?script=sci_abstract&pid=S2528-79072021000400111&lng=es&nrm=iso&tlng=es},
	doi = {10.36097/rsan.v1i47.1750},
	pages = {111--125},
	number = {47},
	journaltitle = {Revista San Gregorio},
	author = {Cacay Cacay, Julio César and Ramírez Chávez, Grace Doda Ramírez and Campuzano Vásquez, John Alexander and Cacay Cacay, Julio César and Ramírez Chávez, Grace Doda Ramírez and Campuzano Vásquez, John Alexander},
	urldate = {2023-06-04},
	date = {2021-11},
	langid = {spanish},
	note = {Publisher: Universidad San Gregorio},
	file = {Full Text PDF:/home/achalmaedison/Zotero/storage/DL27EM45/Cacay Cacay et al. - 2021 - Efecto del Crecimiento Económico y la Presión Fisc.pdf:application/pdf},
}

@inproceedings{carrera_ciclo_1999,
	title = {El ciclo económico y la recaudación},
	rights = {http://creativecommons.org/licenses/by/3.0/},
	url = {http://sedici.unlp.edu.ar/handle/10915/3737},
	abstract = {La relación entre ciclo económico y la recaudación fiscal es un tema clave en una economía que cambió dramáticamente de un régimen desde un contexto estable a uno inestable. Especialmente si el cambio se basó en un régimen de caja de conversión sujeta a diferentes shocks. Conocer cuál es la intensidad de esta relación y las regularidades empíricas que posee es el objetivo de este estudio. Se define el ciclo económico y se obtienen sus características intrínsecas: volatilidad, persistencia y simetría. Posteriormente se analizan las correlaciones entre variables. Profundizando el estudio analizamos la causalidad entre variables. Para completar el análisis se realizan los exámenes de regresión correspondientes, evaluando la intensidad de relación de cada variable con el producto. Las variables presentan una fuerte prociclidad y cuando se analiza la etapa de la convertibilidad se observa una mayor desincronización. Se discute la retroalimentación que ocurre en un régimen de cambio fijo con un sistema tributario procíclico y algunas recomendaciones de política para amortiguar sus efectos.},
	eventtitle = {{IV} Seminario Internacional de Federalismo Fiscal y Economías Regionales (La Plata, 1999)},
	author = {Carrera, Jorge Eduardo and Pérez, Pablo Ernesto and Saller, Germán},
	urldate = {2023-06-04},
	date = {1999},
	langid = {spanish},
	file = {Full Text PDF:/home/achalmaedison/Zotero/storage/MIQCM7ID/Carrera et al. - 1999 - El ciclo económico y la recaudación.pdf:application/pdf},
}

@online{caribe_america_2020,
	title = {América Latina y el Caribe: el aumento de los ingresos tributarios se ve amenazado en medio del deterioro de las perspectivas regionales},
	url = {https://www.cepal.org/es/noticias/america-latina-caribe-aumento-ingresos-tributarios-se-ve-amenazado-medio-deterioro},
	shorttitle = {América Latina y el Caribe},
	abstract = {Accede a la noticia América Latina y el Caribe: el aumento de los ingresos tributarios se ve amenazado en medio del deterioro de las perspectivas regionales. Lee el texto completo aquí.},
	type = {Text},
	author = {Caribe, Comisión Económica para América Latina y el},
	urldate = {2023-06-04},
	date = {2020-05-07},
	langid = {spanish},
	note = {Last Modified: 2020-05-19T10:29-04:00
Publisher: {CEPAL}},
	file = {Snapshot:/home/achalmaedison/Zotero/storage/F7D3UBZE/america-latina-caribe-aumento-ingresos-tributarios-se-ve-amenazado-medio-deterioro.html:text/html},
}

@article{cid_pedraza_espacio_2018,
	title = {Espacio fiscal para salud en las Américas:?` es suficiente el crecimiento económico?},
	shorttitle = {Espacio fiscal para salud en las Américas},
	journaltitle = {Rev Panam Salud Publica; 42, ago. 2018},
	author = {Cid Pedraza, Camilo and Matus-López, Mauricio and Báscolo, Ernesto},
	date = {2018},
	file = {Full Text:/home/achalmaedison/Zotero/storage/PW92TGF6/Cid Pedraza et al. - 2018 - Espacio fiscal para salud en las Américas` es su.pdf:application/pdf;Snapshot:/home/achalmaedison/Zotero/storage/4MQ873MA/49180.html:text/html},
}

@article{chiappelo_crecimiento_2018,
	title = {Crecimiento económico y el rol de los impuestos: evidencia para América},
	shorttitle = {Crecimiento económico y el rol de los impuestos},
	journaltitle = {Disoonible en: https://aaep. org. ar/anales/works/works2018/chiappelo. pdf (Consultado: 20/02/2020)},
	author = {Chiappelo, Antonella and Svetliza, Leandro},
	date = {2018},
}

@article{husak_relationship_2021,
	title = {The relationship between taxation and {US} economic growth},
	volume = {27},
	pages = {2022},
	journaltitle = {Issue brief of Washington Center for Equitable Growth. Accessed July},
	author = {Husak, Corey},
	date = {2021},
	file = {Full Text:/home/achalmaedison/Zotero/storage/4QTEJQYX/the-relationship-between-taxation-and-u-s-economic-growth.html:text/html},
}

@article{rivero_impuestos_2008,
	title = {Impuestos y crecimiento económico: Una panorámica},
	shorttitle = {Impuestos y crecimiento económico},
	pages = {9--30},
	number = {42},
	journaltitle = {{RAE}: Revista Asturiana de Economía},
	author = {Rivero, Francisco J. Delgado and Jiménez, Javier Salinas},
	date = {2008},
	note = {Publisher: Asociación Asturiana de Estudios Económicos},
	file = {Full Text:/home/achalmaedison/Zotero/storage/336TT8ZL/Rivero y Jiménez - 2008 - Impuestos y crecimiento económico Una panorámica.pdf:application/pdf;Snapshot:/home/achalmaedison/Zotero/storage/XT53G4KF/articulo.html:text/html},
}

@report{de_la_fuente_relacion_2021,
	title = {La relación entre el crecimiento de los ingresos tributarios autonómicos y el crecimiento del {PIB}},
	institution = {{FEDEA}},
	author = {de La Fuente, Angel},
	date = {2021},
	file = {Full Text:/home/achalmaedison/Zotero/storage/SBJBGBUD/de La Fuente - 2021 - La relación entre el crecimiento de los ingresos t.pdf:application/pdf},
}

@article{engen_taxation_1996,
	title = {Taxation and economic growth},
	volume = {49},
	pages = {617--642},
	number = {4},
	journaltitle = {National tax journal},
	author = {Engen, Eric and Skinner, Jonathan},
	date = {1996},
	note = {Publisher: The University of Chicago Press},
	file = {Full Text:/home/achalmaedison/Zotero/storage/ITLLBUHI/Engen y Skinner - 1996 - Taxation and economic growth.pdf:application/pdf;Snapshot:/home/achalmaedison/Zotero/storage/WBYT68EL/NTJ41789231.html:text/html},
}

@article{velepucha_ecuador_2021,
	title = {Ecuador: Recaudación de tributos comparado con principales indicadores macroeconómicos, 2010-2019},
	volume = {5},
	shorttitle = {Ecuador},
	number = {22},
	journaltitle = {Revista Mapa},
	author = {Velepucha, Stalin Alexander Espinoza and Gutiérrez, María José Ramírez and Aguirre, Patricia Alexandra Uriguen and Pereira, Jorge Guido Sotomayor},
	date = {2021},
	file = {Full Text:/home/achalmaedison/Zotero/storage/WX6VKN4V/Velepucha et al. - 2021 - Ecuador Recaudación de tributos comparado con pri.pdf:application/pdf;Snapshot:/home/achalmaedison/Zotero/storage/HECS6PGI/266.html:text/html},
}

@article{tello_determinantes_2018,
	title = {Determinantes de la recaudación estatal de impuestos en México},
	volume = {10},
	pages = {155--174},
	number = {1},
	journaltitle = {Paradigma económico. Revista de economía regional y sectorial},
	author = {Tello, Antonio Favila and Arévalos, Enrique Armas},
	date = {2018},
	note = {Publisher: Universidad Autónoma del Estado de México},
	file = {Full Text:/home/achalmaedison/Zotero/storage/2M7UJ2SQ/Tello y Arévalos - 2018 - Determinantes de la recaudación estatal de impuest.pdf:application/pdf},
}

@article{fergusson_impuestos_2003,
	title = {Impuestos, crecimiento económico y bienestar en Colombia (1970-1999)},
	pages = {143--202},
	number = {52},
	journaltitle = {Revista Desarrollo y Sociedad},
	author = {Fergusson, Leopoldo},
	date = {2003},
	note = {Publisher: Universidad de los Andes},
	file = {Snapshot:/home/achalmaedison/Zotero/storage/ERZEGT9X/6508.html:text/html},
}

@misc{gale_effects_2014,
	title = {Effects of income tax changes on economic growth, economic studies at brookings},
	publisher = {The Brookingings institution and tax policy center},
	author = {Gale, W. G. and Samwick, A. A.},
	date = {2014},
}

@article{campos_sistema_2018,
	title = {El sistema tributario y su impacto en la Economía Popular y Solidaria en el Ecuador},
	volume = {5},
	pages = {38--53},
	number = {1},
	journaltitle = {Revista {UNIANDES} Episteme},
	author = {Campos, Maricela Alejandra Garzón and Radwan, Amr Radwan Ahmed and Melo, Jacqueline Peñaherrera},
	date = {2018},
	note = {Publisher: Universidad Regional Autónoma de los Andes},
	file = {Full Text:/home/achalmaedison/Zotero/storage/6K6QFP7L/Campos et al. - 2018 - El sistema tributario y su impacto en la Economía .pdf:application/pdf;Snapshot:/home/achalmaedison/Zotero/storage/WC2C756L/articulo.html:text/html},
}

@article{gashi_effect_2018,
	title = {The effect of tax structure in economic growth},
	author = {Gashi, B. and Asllani, Gani and Boqolli, L.},
	date = {2018},
	note = {Publisher: Eleftherios Thalassinos},
	file = {Full Text:/home/achalmaedison/Zotero/storage/MR9GWG83/Gashi et al. - 2018 - The effect of tax structure in economic growth.pdf:application/pdf;Snapshot:/home/achalmaedison/Zotero/storage/KKZY24VB/43727.html:text/html},
}

@article{henriquez_impuesto_2014,
	title = {Impuesto al valor agregado: eficiencia y crecimiento},
	shorttitle = {Impuesto al valor agregado},
	pages = {ág--221},
	number = {9},
	journaltitle = {Revista de Estudios Tributarios},
	author = {Henríquez, José Yáñez},
	date = {2014},
	file = {Full Text:/home/achalmaedison/Zotero/storage/52HIV383/Henríquez - 2014 - Impuesto al valor agregado eficiencia y crecimien.pdf:application/pdf;Snapshot:/home/achalmaedison/Zotero/storage/PIYFGEK2/41081.html:text/html},
}

@article{jaimovich_nonlinear_2017,
	title = {Nonlinear effects of taxation on growth},
	volume = {125},
	pages = {265--291},
	number = {1},
	journaltitle = {Journal of Political Economy},
	author = {Jaimovich, Nir and Rebelo, Sergio},
	date = {2017},
	note = {Publisher: University of Chicago Press Chicago, {IL}},
	file = {Full Text:/home/achalmaedison/Zotero/storage/5AY7AIP3/689607.html:text/html;Snapshot:/home/achalmaedison/Zotero/storage/9LNBYILY/689607.html:text/html},
}

@article{benitez_impacto_2019,
	title = {Impacto del {PIB} sobre los Ingresos Tributarios del Ecuador durante el periodo 2000-2018},
	pages = {4--7},
	number = {22},
	journaltitle = {Bolentín de Coyuntura},
	author = {Benítez, Margarita Jumbo},
	date = {2019},
	file = {Full Text:/home/achalmaedison/Zotero/storage/JIY2VZQG/Benítez - 2019 - Impacto del PIB sobre los Ingresos Tributarios del.pdf:application/pdf;Snapshot:/home/achalmaedison/Zotero/storage/59TLB5XV/716.html:text/html},
}

@online{noauthor_what_nodate,
	title = {What Is the Tax-to-{GDP} Ratio? Definition, and What Is a Good One?},
	url = {https://www.investopedia.com/terms/t/tax-to-gdp-ratio.asp},
	shorttitle = {What Is the Tax-to-{GDP} Ratio?},
	abstract = {Learn about the tax-to-{GDP} ratio, a ratio of a nation's tax revenue relative to its gross domestic product.},
	titleaddon = {Investopedia},
	urldate = {2023-06-04},
	langid = {english},
}

@article{lahura_efecto_2018,
	title = {El efecto de cambios tributarios sobre la actividad económica en Perú: Una aplicación del enfoque narrativo},
	volume = {36},
	shorttitle = {El efecto de cambios tributarios sobre la actividad económica en Perú},
	pages = {31--53},
	number = {1},
	journaltitle = {Revista estudios económicos},
	author = {Lahura, Erick and Castillo, Giovana},
	date = {2018},
	note = {Publisher: Banco Central de Reserva del Perú},
	file = {Full Text:/home/achalmaedison/Zotero/storage/L9AGYU6A/Lahura y Castillo - 2018 - El efecto de cambios tributarios sobre la activida.pdf:application/pdf},
}

@article{mingo_recaudacion_2003,
	title = {Recaudación de tasas municipales y los efectos del ciclo económico. Caso aplicado al municipio de General Pueyrredon},
	volume = {9},
	pages = {17--28},
	number = {18},
	journaltitle = {{FACES}},
	author = {Mingo, Mauricio},
	date = {2003},
	note = {Publisher: Universidad Nacional de Mar del Plata. Facultad de Ciencias Económicas y …},
	file = {Full Text:/home/achalmaedison/Zotero/storage/LYPNIDLE/Mingo - 2003 - Recaudación de tasas municipales y los efectos del.pdf:application/pdf;Snapshot:/home/achalmaedison/Zotero/storage/NBBENIR5/118.html:text/html},
}

@article{macek_impact_2014,
	title = {The impact of taxation on economic growth: Case study of {OECD} countries},
	volume = {14},
	shorttitle = {The impact of taxation on economic growth},
	pages = {309--328},
	number = {4},
	journaltitle = {Review of economic perspectives},
	author = {Macek, Rudolf},
	date = {2014},
	file = {Full Text:/home/achalmaedison/Zotero/storage/738USK4D/Macek - 2014 - The impact of taxation on economic growth Case st.pdf:application/pdf;Snapshot:/home/achalmaedison/Zotero/storage/9ND5Q25L/revecp-2015-0002.html:text/html},
}

@article{narvaez_cumbicos_impacto_2019,
	title = {Impacto entre la actividad económica y el efecto del incremento de la recaudación tributaria en Ecuador: periodo 2010-2017},
	volume = {11},
	shorttitle = {Impacto entre la actividad económica y el efecto del incremento de la recaudación tributaria en Ecuador},
	pages = {278--286},
	number = {5},
	journaltitle = {Revista Universidad y Sociedad},
	author = {Narvaez Cumbicos, José Gonzalo and Mite Albán, María Teresa and Lovato Torres, Sofía Georgina},
	date = {2019},
	note = {Publisher: Editorial" Universo Sur"},
}

@misc{neog_tax_2020,
	title = {Tax structure and economic growth: a study of selected Indian states, Economic Structures, 9 (38)},
	shorttitle = {Tax structure and economic growth},
	author = {Neog, Y. and Gaur, A. K.},
	date = {2020},
}

@article{ordonez_crecimiento_2014,
	title = {Crecimiento económico e ingresos tributarios del Perú},
	volume = {4},
	pages = {1--8},
	number = {1},
	journaltitle = {Logos},
	author = {Ordoñez, A.},
	date = {2014},
	file = {Full Text:/home/achalmaedison/Zotero/storage/ELEKWGXA/Ordoñez - 2014 - Crecimiento económico e ingresos tributarios del P.pdf:application/pdf},
}

@article{fernandez_producto_2019,
	title = {El Producto Bruto Interno ({PBI}) y su relación con los ingresos tributarios en el Perú 2007-2018},
	volume = {27},
	pages = {17--23},
	number = {55},
	journaltitle = {Quipukamayoc},
	author = {Fernández, José Rojas and Domínguez, Luis Arturo Vizcarra},
	date = {2019},
	file = {Full Text:/home/achalmaedison/Zotero/storage/3MNG6LI2/Fernández y Domínguez - 2019 - El Producto Bruto Interno (PBI) y su relación con .pdf:application/pdf;Snapshot:/home/achalmaedison/Zotero/storage/I7EGWZ9H/17174.html:text/html},
}

@article{ronquillo_recaudaciones_2017,
	title = {Las recaudaciones tributarias y el crecimiento económico. Un análisis a través del {PIB} de Ecuador},
	volume = {11},
	pages = {33--39},
	number = {44},
	journaltitle = {Empresarial},
	author = {Ronquillo, Shirley Carolina Segura and Ronquillo, Erika Alexandra Segura},
	date = {2017},
	file = {Full Text:/home/achalmaedison/Zotero/storage/T4B5SGF7/Ronquillo y Ronquillo - 2017 - Las recaudaciones tributarias y el crecimiento eco.pdf:application/pdf;Snapshot:/home/achalmaedison/Zotero/storage/FD574NRK/109.html:text/html},
}

@article{taha_effect_2011,
	title = {The effect of economic growth on taxation revenue: The case of a newly industrialized country},
	volume = {7},
	shorttitle = {The effect of economic growth on taxation revenue},
	pages = {319--329},
	number = {1},
	journaltitle = {International Review of Business Research Papers},
	author = {Taha, Roshaiza and Nanthakumar, Loganathan and Colombage, Sisira R.},
	date = {2011},
	file = {Full Text:/home/achalmaedison/Zotero/storage/EAWNVAVM/Taha et al. - 2011 - The effect of economic growth on taxation revenue.pdf:application/pdf},
}

@article{banda-ortiz_impacto_2018,
	title = {Impacto de la estructura tributaria sobre el crecimiento económico: el caso de México},
	volume = {13},
	shorttitle = {Impacto de la estructura tributaria sobre el crecimiento económico},
	pages = {585--601},
	number = {4},
	journaltitle = {Revista mexicana de economía y finanzas},
	author = {Banda-Ortiz, Humberto and Tovar-García, Edgar Demetrio},
	date = {2018},
	note = {Publisher: Instituto Mexicano de Ejecutivos de Finanzas {AC}},
	file = {Full Text:/home/achalmaedison/Zotero/storage/A27A3MG4/scielo.html:text/html},
}

@article{shuai_effect_2013,
	title = {The effect of state corporate income tax rate cuts on job creation},
	volume = {48},
	pages = {183--193},
	number = {3},
	journaltitle = {Business Economics},
	author = {Shuai, Xiaobing and Chmura, Christine},
	date = {2013},
	note = {Publisher: Springer},
	file = {Full Text:/home/achalmaedison/Zotero/storage/NEZD9JBI/Shuai y Chmura - 2013 - The effect of state corporate income tax rate cuts.pdf:application/pdf;Snapshot:/home/achalmaedison/Zotero/storage/3WRVSNPZ/be.2013.html:text/html},
}
