@book{brueHistoriaPensamientoEconomico2009,
  title = {Historia {{Del Pensamiento Económico}}},
  author = {Brue, Stanley L. and Grant, Randy R.},
  date = {2009-01-01},
  publisher = {Cengage Learning},
  url = {http://latinoamerica.cengage.com},
  isbn = {13: 978-607-481-397-5},
  language = {en-US},
  pagetotal = {561},
  keywords = {⭐⭐⭐⭐⭐,doctrinas,economía,filosofía,historia,history,libro,sociedad},
  annotation = {/home/achalmaedison/Documents/biblioteca/Stanley L., Brue/Historia Del Pensamiento Economico (2076)/Historia Del Pensamiento Economico - Stanley L., Brue.pdf},
  file = {/home/achalmaedison/Documents/biblioteca/Stanley L., Brue/Historia Del Pensamiento Economico (2076)/Historia Del Pensamiento Economico - Stanley L., Brue.pdf}
}

@book{landrethHistoryEconomicThought2002,
  title = {History of Economic Thought},
  author = {Landreth, Harry and Colander, David C.},
  date = {2002},
  edition = {4th ed},
  publisher = {Houghton Mifflin},
  location = {Boston},
  isbn = {978-0-618-13394-9},
  pagetotal = {511},
  keywords = {/unread,Economics,History}
}

@article{marquezPensamientoEconomicoCon2008,
  entrysubtype = {nonacademic},
  title = {‪Pensamiento económico con énfasis en pensamiento económico público‬},
  author = {Márquez, Yanod and Silva, Jose},
  date = {2008},
  abstract = {‪Y Márquez, J Silva‬, ‪Bogotá, Colombia: Programa de Administración Pública Territorial, 2008‬ - ‪Cited by 47‬},
  language = {es},
  keywords = {/unread}
}

@book{rollHistoriaDoctrinasEconomicas2014,
  title = {Historia De Las Doctrinas Económicas},
  author = {Roll, Eric},
  date = {2014-10-23},
  publisher = {Fondo de Cultura Económica},
  language = {spa},
  pagetotal = {831},
  keywords = {/unread,⭐⭐⭐⭐⭐,doctrinas,economía,epub,filosofía,historia,history,libro,sociedad},
  annotation = {/home/achalmaedison/Documents/biblioteca/Eric, Roll/Historia De Las Doctrinas Economicas (31)/Historia De Las Doctrinas Economicas - Eric, Roll.epub},
  file = {/home/achalmaedison/Documents/biblioteca/Eric, Roll/Historia De Las Doctrinas Economicas (31)/Historia De Las Doctrinas Economicas - Eric, Roll.epub}
}
